@MISC{WEBSITE:1,
	HOWPUBLISHED = "\url{https://github.com/daeyun/reliable-multicast-chat}",
	AUTHOR = "Daeyun Shin",
	TITLE = "Reliable Multicast Chat",
	YEAR = "2014",
	NOTE = "Accessado em 14/06/2018"
}

@MISC{WEBSITE:2,
	HOWPUBLISHED = "\url{https://github.com/religiosa/lamportClocks}",
	AUTHOR = "Jenny Tyrväinen",
	TITLE = "Concurrent solution for lamport clocks",
	YEAR = "2016",
	NOTE = "Accessado em 14/06/2018"
}

@MISC{WEBSITE:3,
	HOWPUBLISHED = "\url{https://github.com/c-w/ug4_DistributedSystems}",
	AUTHOR = "Clemens Wolff",
	TITLE = "Distributed Systems",
	YEAR = "2014",
	NOTE = "Accessado em 14/06/2018"
}

@MISC{WEBSITE:4,
	HOWPUBLISHED = "\url{https://github.com/mwhittaker/clocks}",
	AUTHOR = "Michael Whittaker",
	TITLE = "An implementation of Lamport timestamps",
	YEAR = "2015",
	NOTE = "Accessado em 14/06/2018"
}

@MISC{WEBSITE:5,
	HOWPUBLISHED = "\url{https://wiki.python.org/moin/TcpCommunication}",
	AUTHOR = "Python Software Foundation",
	TITLE = "TCP Communication",
	YEAR = "2012",
	NOTE = "Accessado em 14/06/2018"
}

@MISC{WEBSITE:6,
	HOWPUBLISHED = "\url{https://medium.com/bfortuner/python-multithreading-vs-multiprocessing-73072ce5600b}",
	AUTHOR = "Brendan Fortuner",
	TITLE = "Intro to Threads and Processes in Python",
	YEAR = "2017",
	NOTE = "Accessado em 14/06/2018"
}

@MISC{WEBSITE:7,
	HOWPUBLISHED = "\url{https://docs.python.org/3/howto/sockets.html}",
	AUTHOR = "Gordon McMillan",
	TITLE = "Official 3.5.2 documentation: Socket Programming",
	YEAR = "2017",
	NOTE = "Accessado em 14/06/2018"
}

@MISC{WEBSITE:8,
	HOWPUBLISHED = "\url{https://docs.python.org/3.5/library/multiprocessing.html}",
	AUTHOR = "Python Software Foundation",
	TITLE = "Official 3.5.2 documentation: Process-based parallelism",
	YEAR = "2017",
	NOTE = "Accessado em 14/06/2018"
}

@MISC{WEBSITE:9,
	HOWPUBLISHED = "\url{http://chriskiehl.com/article/parallelism-in-one-line/}",
	AUTHOR = "Chris Kiehl",
	TITLE = "Parallelism in one line",
	YEAR = "2015",
	NOTE = "Accessado em 14/06/2018"
}

@MISC{WEBSITE:10,
	HOWPUBLISHED = "\url{https://github.com/pshved/timeout/}",
	AUTHOR = "Paul Shved",
	TITLE = "Timeout: A resource monitoring program",
	YEAR = "2016",
	NOTE = "Accessado em 14/06/2018"
}

@MISC{WEBSITE:11,
	HOWPUBLISHED = "\url{https://twistedmatrix.com/trac/}",
	AUTHOR = "Twisted Matrix Labs",
	TITLE = "Twisted: An event-driven networking engine written in Python",
	YEAR = "2018",
	NOTE = "Accessado em 14/06/2018"
}

@MISC{WEBSITE:12,
	HOWPUBLISHED = "\url{https://docs.python.org/3/library/time.html#time.sleep/}",
	AUTHOR = "Python Software Foundation",
	TITLE = "Official 3.5.2 documentation: time — Time access and conversions",
	YEAR = "2016",
	NOTE = "Accessado em 14/06/2018"
}

